
@book{Murthy2016,
title = {{Multi-Level Optimization in Encoding to Balance Video Compression and Retention of 8K Resolution}},
year = {2016},
author = {Murthy, S.V.N. and Sujatha, B.K.},
publisher = {Elsevier GmbH}
}
@article{OCallaghan2017,
author = {O'Callaghan, Frances V. and Neumann, David L. and Jones, Liz and Creed, Peter A.},
doi = {10.1007/s10639-015-9451-z},
issn = {15737608},
journal = {Education and Information Technologies},
keywords = {Attendance,Engagement,Learning outcomes,Lecture capture,Lecture recordings,Podcasts},
mendeley-groups = {DBM Research Papers},
number = {1},
pages = {399--415},
publisher = {Education and Information Technologies},
title = {{The use of lecture recordings in higher education: A review of institutional, student, and lecturer issues}},
url = {http://dx.doi.org/10.1007/s10639-015-9451-z},
volume = {22},
year = {2017}
}
@article{Giannakos2016,
author = {Giannakos, Michail N. and Jaccheri, Letizia and Krogstie, John},
doi = {10.1111/bjet.12313},
issn = {14678535},
journal = {British Journal of Educational Technology},
mendeley-groups = {DBM Research Papers},
number = {6},
pages = {1259--1275},
title = {{Exploring the relationship between video lecture usage patterns and students' attitudes}},
volume = {47},
year = {2016}
}

@article{Lo2019,
author = {Lo, Chung Kwan and Hew, Khe Foon},
doi = {10.1002/jee.20293},
issn = {10694730},
journal = {Journal of Engineering Education},
keywords = {achievement,flipped classroom,meta-analysis,systematic review},
mendeley-groups = {DBM Research Papers},
number = {March},
pages = {523--546},
title = {{The impact of flipped classrooms on student achievement in engineering education: A meta-analysis of 10 years of research}},
year = {2019}
}


@article{Brooks2014,
author = {Brooks, Christopher and Erickson, Graham and Greer, Jim and Gutwin, Carl},
doi = {10.1016/j.compedu.2014.03.002},
issn = {03601315},
journal = {Computers and Education},
keywords = {Learning analytics,Lecture capture,Lecture recording,Media in education,Podcasting},
mendeley-groups = {DBM Research Papers},
pages = {282--292},
publisher = {Elsevier Ltd},
title = {{Modelling and quantifying the behaviours of students in lecture capture environments}},
url = {http://dx.doi.org/10.1016/j.compedu.2014.03.002},
volume = {75},
year = {2014}
}
@article{Martin2018,
author = {Martin, Florence and Wang, Chuang and Sadaf, Ayesha},
doi = {10.1016/j.iheduc.2018.01.003},
issn = {10967516},
journal = {Internet and Higher Education},
keywords = {Facilitation strategies,Instructor connection,Instructor presence,Online learning,Student perception},
mendeley-groups = {DBM Research Papers},
number = {March 2017},
pages = {52--65},
publisher = {Elsevier},
title = {{Student perception of helpfulness of facilitation strategies that enhance instructor presence, connectedness, engagement and learning in online courses}},
url = {https://doi.org/10.1016/j.iheduc.2018.01.003},
volume = {37},
year = {2018}
}


@article{Iannone2019,
author = {Iannone, Paola and Miller, Dominic},
doi = {10.1007/s10649-018-9872-x},
issn = {15730816},
journal = {Educational Studies in Mathematics},
keywords = {Guided notes,Mathematics teaching,Note-taking,University},
mendeley-groups = {DBM Research Papers},
pages = {387--404},
title = {{Guided notes for university mathematics and their impact on students' note-taking behaviour}},
year = {2019}
}

@article{Li2019,
author = {Li, Liang Yi},
doi = {10.1080/10447318.2018.1543086},
issn = {15327590},
journal = {International Journal of Human-Computer Interaction},
mendeley-groups = {DBM Research Papers},
number = {4-5},
pages = {415--426},
publisher = {Taylor & Francis},
title = {{Effect of Prior Knowledge on Attitudes, Behavior, and Learning Performance in Video Lecture Viewing}},
url = {https://doi.org/10.1080/10447318.2018.1543086},
volume = {35},
year = {2019}
}


@article{Yang2015,
author = {Yang, Diyi and Wen, Miaomiao and Howley, Iris and Kraut, Robert and Ros{\'{e}}, Carolyn},
doi = {10.1145/2724660.2724677},
isbn = {9781450334112},
journal = {L@S 2015 - 2nd ACM Conference on Learning at Scale},
keywords = {Confusion,Massive open online courses (MOOC),Survival analysis},
mendeley-groups = {DBM Research Papers},
pages = {121--130},
title = {{Exploring the effect of confusion in discussion forums of massive open online courses}},
year = {2015}
}

@article{Chen2015,
author = {Chen, Chih Ming and Wu, Chung Hsin},
doi = {10.1016/j.compedu.2014.08.015},
issn = {03601315},
journal = {Computers and Education},
keywords = {Distance education and telelearning,Evaluation methodologies,Interactive learning environments,Media in education},
mendeley-groups = {DBM Research Papers},
pages = {108--121},
publisher = {Elsevier Ltd},
title = {{Effects of different video lecture types on sustained attention, emotion, cognitive load, and learning performance}},
url = {http://dx.doi.org/10.1016/j.compedu.2014.08.015},
volume = {80},
year = {2015}
}


@article{Meehan2019,
author = {Meehan, Maria and McCallig, John},
doi = {10.1111/jcal.12329},
issn = {13652729},
journal = {Journal of Computer Assisted Learning},
keywords = {course design,live lectures,online videos,resource usage,time and learning},
mendeley-groups = {DBM Research Papers},
number = {2},
pages = {283--293},
title = {{Effects on learning of time spent by university students attending lectures and/or watching online videos}},
volume = {35},
year = {2019}
}
@article{Chou2010,
author = {Chou, Han Ping and Wang, Jung Ming and Fuh, Chiou Shann and Lin, Shih Chi and Chen, Sei Wang},
doi = {10.1109/ICSSE.2010.5551811},
isbn = {9781424464746},
journal = {2010 International Conference on System Science and Engineering, ICSSE 2010},
keywords = {Action table,Camera man,Mean shift,OpenCV},
mendeley-groups = {DBM Research Papers},
pages = {167--172},
title = {{Automated lecture recording system}},
year = {2010}
}

@article{Khan2016,
author = {Khan, Habib Ullah},
doi = {10.1504/IJIL.2016.076672},
issn = {17408016},
journal = {International Journal of Innovation and Learning},
keywords = {Cognitive empowerment,E-learning,Higher education students,Learning innovation,Video capture tools},
mendeley-groups = {DBM Research Papers},
number = {1},
pages = {68--84},
title = {{Possible effect of video lecture capture technology on the cognitive empowerment of higher education students: A case study of gulf-based university}},
volume = {20},
year = {2016}
}

@article{Garcia-Cabrero2018,
author = {Garc{\'{i}}a-Cabrero, Benilde and Hoover, Michael L. and Lajoie, Susanne P. and Andrade-Santoyo, Nadia L. and Quevedo-Rodr{\'{i}}guez, L{\'{i}}dice M. and Wong, Janice},
doi = {10.1007/s11423-018-9582-1},
issn = {15566501},
journal = {Educational Technology Research and Development},
keywords = {Blended learning,Cognitive apprenticeship,Learning centered environments,Theory driven instructional design,Virtual learning environments},
mendeley-groups = {DBM Research Papers},
number = {3},
pages = {813--835},
title = {{Design of a learning-centered online environment: a cognitive apprenticeship approach}},
volume = {66},
year = {2018}
}


@article{Carlsson2017,
author = {Carlsson, Niklas and Eager, Derek and Krishnamoorthi, Vengatanathan and Polishchuk, Tatiana},
doi = {10.1109/TMM.2017.2673412},
issn = {15209210},
journal = {IEEE Transactions on Multimedia},
keywords = {HTTP-based adaptive streaming (HAS),multi-video stream bundles,multi-view video streaming,optimized prefetching,seamless stream switching},
number = {7},
pages = {1637--1653},
publisher = {IEEE},
title = {{Optimized adaptive streaming of multi-video stream bundles}},
volume = {19},
year = {2017}
}


@article{Gonzalez-Agulla2013,
author = {Gonzalez-Agulla, Elisardo and Alba-Castro, Jose L. and Canto, Hector and Goyanes, Vicente},
doi = {10.1109/ISM.2013.89},
isbn = {9780769551401},
journal = {Proceedings - 2013 IEEE International Symposium on Multimedia, ISM 2013},
keywords = {Lecture Capturing,Object Tracking,Real-Time},
mendeley-groups = {DBM Research Papers},
number = {Vc},
pages = {462--467},
title = {{GaliTracker: Real-time lecturer-tracking for lecture capturing}},
year = {2013}
}

@article{Barokas2010,
author = {Barokas, Jack and Ketterl, Markus and Brooks, Christopher and Greer, Jim},
journal = {Digital Media},
mendeley-groups = {DBM Research Papers},
pages = {1--8},
title = {{Lecture Capture : Student Perceptions , Expectations , and Behaviors}},
url = {http://www.informatik.uni-osnabrueck.de/papers_pdf/2010_02.pdf},
year = {2010}
}



@article{Lin2019,
author = {Lin, Yong Teng and Chen, Chih Ming},
doi = {10.1080/10494820.2018.1451899},
issn = {17445191},
journal = {Interactive Learning Environments},
keywords = {Attention awareness mechanism,brainwave,review effectiveness,sustained attention,video lecture},
mendeley-groups = {DBM Research Papers},
number = {1},
pages = {86--102},
publisher = {Taylor & Francis},
title = {{Improving effectiveness of learners' review of video lectures by using an attention-based video lecture review mechanism based on brainwave signals}},
volume = {27},
year = {2019}
}


@article{Renz2015,
author = {Renz, J and Bauer, M and Malchow, M and Staubitz, T and Meinel, C},
isbn = {978-84-606-8243-1},
issn = {2340-1117},
journal = {EDULEARN15 Proceedings},
keywords = {moocs,subtitles,user contributes content,videos},
mendeley-groups = {DBM Research Papers},
number = {July},
pages = {5150--5158},
title = {{Optimizing the Video Experience in Moocs}},
year = {2015}
}

@article{Yang2016,
author = {Yang, Diyi and Kraut, Robert and Rose, Carolyn},
journal = {Journal of Educational Data Mining},
number = {1},
pages = {52--83},
title = {{Exploring the Effect of Student Confusion in Massive Open Online Courses}},
url = {http://www.educationaldatamining.org/JEDM/index.php/JEDM/article/view/JEDM2016-8-1},
volume = {8},
year = {2016}
}

@article{Martin2018(2),
author = {Martin, Florence and Bolliger, Doris U.},
doi = {10.24059/olj.v22i1.1092},
issn = {24725730},
journal = {Online Learning Journal},
keywords = {Asynchronous,Engagement,Online learning,Student perception},
mendeley-groups = {DBM Research Papers},
number = {1},
pages = {205--222},
title = {{Engagement matters: Student perceptions on the importance of engagement strategies in the online learning environment}},
volume = {22},
year = {2018}
}






@article{Vega2007,
author = {Vega, Laurian C. and Dickey-Kurdziolek, Margaret and Shupp, Lauren and P{\'{e}}rez-Qui{\~{n}}ones, Manuel A. and Booker, John and Congleton, Ben},
doi = {10.1109/CTS.2007.4621733},
isbn = {0978569911},
journal = {Proceedings of the 2007 International Symposium on Collaborative Technologies and Systems, CTS},
keywords = {Collaborative learning,Collaborative note taking,Learning disorders,Tagging},
mendeley-groups = {DBM Research Papers},
pages = {16--23},
title = {{Taking Notes Together: Augmenting note taking}},
year = {2007}
}


@article{AlAni2011,
author = {{Al Ani}, MuzhirShaban and Hammouri, Talal Ali},
doi = {10.5121/ijsc.2011.2407},
issn = {22297103},
journal = {International Journal on Soft Computing},
keywords = {compression performance and,discrete wavelet transform,frame selection key,near distance calculation,video compression},
mendeley-groups = {DBM Research Papers},
number = {4},
pages = {67--79},
title = {{Video Compression Algorithm Based on Frame Difference Approaches}},
volume = {2},
year = {2011}
}


@article{LeGall1992,
author = {{Le Gall}, Didier J.},
doi = {10.1016/0923-5965(92)90019-C},
issn = {0923-5965},
journal = {Signal Processing: Image Communication},
mendeley-groups = {DBM Research Papers},
month = {apr},
number = {2},
pages = {129--140},
publisher = {Elsevier},
title = {{The MPEG video compression algorithm}},
url = {https://www.sciencedirect.com/science/article/abs/pii/092359659290019C},
volume = {4},
year = {1992}
}

@article{Pimentel2019,
author = {Pimentel, Maria da Gra{\c{c}}a C. and Martins, Diogo S. and Yaguinuma, Cristiane A. and Zaine, Isabela},
doi = {10.1145/3297280.3297521},
isbn = {9781450359337},
journal = {Proceedings of the ACM Symposium on Applied Computing},
keywords = {Annotation,Interactive video,Points of interest,Search behavior,User experience},
mendeley-groups = {DBM Research Papers},
pages = {2445--2452},
title = {{Anchoring interactive points of interest on web-based instructional video: Effects on students' interaction behavior and perceived experience}},
volume = {Part F1477},
year = {2019}
}
@article{Patel2019,
author = {Patel, Bianka and Mislan, Sarah and Yook, Grace and Persky, Adam M.},
doi = {10.5688/ajpe6793},
issn = {15536467},
journal = {American Journal of Pharmaceutical Education},
keywords = {Cognitive off-loading,Desirable difficulties,Memory,Note-taking,Recorded classes},
mendeley-groups = {DBM Research Papers},
number = {5},
title = {{Recorded lectures as a source of cognitive off-loading}},
volume = {83},
year = {2019}
}
@article{Kiewra2018,
author = {Kiewra, Kenneth A. and Colliot, Tiphaine and Lu, Junrong},
journal = {Idea},
keywords = {1979,at florida state university,in,kenneth kiewra began his,note taking,note-taking investigations,prompted by his,soar,strategy instruction,this research interest was,while a graduate student},
mendeley-groups = {DBM Research Papers},
number = {September},
pages = {1--18},
title = {{Note This: How to Improve Student Note Taking}},
url = {https://www.ideaedu.org/Portals/0/Uploads/Documents/IDEA Papers/IDEA Papers/IDEA_Paper_73.pdf},
year = {2018}
}


